<record><leader>00000cas a22000007a 4500</leader><controlfield tag="001">13539198</controlfield><controlfield tag="008">860507d19191933aluwr ne      0    0eng d</controlfield><datafield ind1=" " ind2=" " tag="010"><subfield code="a">sn 86050188 </subfield></datafield><datafield ind1=" " ind2=" " tag="040"><subfield code="a">AAR</subfield><subfield code="b">eng</subfield><subfield code="c">AAR</subfield><subfield code="d">CPN</subfield><subfield code="d">OCLCQ</subfield></datafield><datafield ind1=" " ind2=" " tag="042"><subfield code="a">msc</subfield></datafield><datafield ind1="0" ind2="4" tag="245"><subfield code="a">The Sand Mountain banner.</subfield></datafield><datafield ind1=" " ind2=" " tag="260"><subfield code="a">Albertville, Ala. :</subfield><subfield code="b">James P. Whitman,</subfield><subfield code="c">1919-</subfield></datafield><datafield ind1=" " ind2=" " tag="300"><subfield code="a">v. :</subfield><subfield code="b">ill. ;</subfield><subfield code="c">60 cm.</subfield></datafield><datafield ind1=" " ind2=" " tag="310"><subfield code="a">Weekly</subfield></datafield><datafield ind1="0" ind2=" " tag="362"><subfield code="a">Vol. 23, no. 15 (Mar. 27, 1919)-</subfield></datafield><datafield ind1="1" ind2=" " tag="362"><subfield code="a">Ceased in Dec. 1933.</subfield></datafield><datafield ind1=" " ind2=" " tag="752"><subfield code="a">United States</subfield><subfield code="b">Alabama</subfield><subfield code="c">Marshall</subfield><subfield code="d">Albertville.</subfield></datafield><datafield ind1="0" ind2="0" tag="780"><subfield code="t">Albertville banner</subfield><subfield code="w">(DLC)sn 86050187</subfield></datafield><datafield ind1="0" ind2="0" tag="785"><subfield code="t">Sand Mountain banner and Albertville banner</subfield><subfield code="w">(DLC)sn 86050189</subfield></datafield></record>